<record><leader>00000cas a22000007a 4500</leader><controlfield tag="001">47234628</controlfield><controlfield tag="008">010703d19881995sduwr ne      0    0eng d</controlfield><datafield ind1=" " ind2=" " tag="010"><subfield code="a">sn2001063529</subfield></datafield><datafield ind1=" " ind2=" " tag="040"><subfield code="a">SXN</subfield><subfield code="b">eng</subfield><subfield code="c">SXN</subfield><subfield code="d">OCLCF</subfield><subfield code="d">OCLCO</subfield></datafield><datafield ind1="1" ind2=" " tag="029"><subfield code="a">AU@</subfield><subfield code="b">000022850391</subfield></datafield><datafield ind1=" " ind2=" " tag="042"><subfield code="a">msc</subfield></datafield><datafield ind1=" " ind2=" " tag="043"><subfield code="a">n-us-sd</subfield></datafield><datafield ind1="0" ind2=" " tag="130"><subfield code="a">Toronto herald (Toronto, S.D. : 1988)</subfield></datafield><datafield ind1="0" ind2="0" tag="245"><subfield code="a">Toronto herald.</subfield></datafield><datafield ind1=" " ind2=" " tag="260"><subfield code="a">Toronto, S.D. :</subfield><subfield code="b">Charles F. Cecil,</subfield></datafield><datafield ind1=" " ind2=" " tag="300"><subfield code="a">v.</subfield></datafield><datafield ind1=" " ind2=" " tag="310"><subfield code="a">Weekly</subfield></datafield><datafield ind1="0" ind2=" " tag="362"><subfield code="a">Vol. 70, no. 47(June 2, 1988)-v. 77, no. 4(Jan. 25, 1995).</subfield></datafield><datafield ind1=" " ind2=" " tag="525"><subfield code="a">Has supplement titled: RFD news.</subfield></datafield><datafield ind1=" " ind2=" " tag="530"><subfield code="a">Available on microfilm from: State Archives, South Dakota State Historical Society.</subfield></datafield><datafield ind1=" " ind2=" " tag="580"><subfield code="a">Merged with: The White leader, to form: The tri-city star.</subfield></datafield><datafield ind1=" " ind2="0" tag="651"><subfield code="a">Toronto (S.D.)</subfield><subfield code="v">Newspapers.</subfield></datafield><datafield ind1=" " ind2="0" tag="651"><subfield code="a">Deuel County (S.D.)</subfield><subfield code="v">Newspapers.</subfield></datafield><datafield ind1=" " ind2="7" tag="655"><subfield code="a">Newspapers.</subfield><subfield code="2">fast</subfield><subfield code="0">(OCoLC)fst01423814</subfield></datafield><datafield ind1=" " ind2="7" tag="651"><subfield code="a">South Dakota</subfield><subfield code="z">Deuel County.</subfield><subfield code="2">fast</subfield><subfield code="0">(OCoLC)fst01206422</subfield></datafield><datafield ind1=" " ind2="7" tag="651"><subfield code="a">South Dakota</subfield><subfield code="z">Toronto.</subfield><subfield code="2">fast</subfield><subfield code="0">(OCoLC)fst01288241</subfield></datafield><datafield ind1=" " ind2=" " tag="752"><subfield code="a">United States</subfield><subfield code="b">South Dakota</subfield><subfield code="c">Deuel</subfield><subfield code="d">Toronto.</subfield></datafield><datafield ind1="0" ind2="2" tag="740"><subfield code="a">RFD news.</subfield></datafield><datafield ind1="0" ind2="0" tag="780"><subfield code="t">Toronto Astoria herald</subfield><subfield code="w">(DLC)sn 200163528</subfield></datafield><datafield ind1="1" ind2="7" tag="785"><subfield code="t">The White leader</subfield><subfield code="w">(DLC)sn 200163537</subfield></datafield><datafield ind1="1" ind2="7" tag="785"><subfield code="t">The tri-city star</subfield><subfield code="w">(DLC)sn 200163530</subfield></datafield></record>